<record><leader>00000cas a22000007a 4500</leader><controlfield tag="001">12329866</controlfield><controlfield tag="008">850731d19531955wiuwr ne      0    0eng d</controlfield><datafield ind1=" " ind2=" " tag="010"><subfield code="a">sn 85041077 </subfield></datafield><datafield ind1=" " ind2=" " tag="040"><subfield code="a">NPV</subfield><subfield code="b">eng</subfield><subfield code="c">NPV</subfield><subfield code="d">OCLCQ</subfield></datafield><datafield ind1=" " ind2=" " tag="042"><subfield code="a">msc</subfield></datafield><datafield ind1=" " ind2=" " tag="045"><subfield code="a">x5x5</subfield></datafield><datafield ind1=" " ind2=" " tag="052"><subfield code="a">4123</subfield><subfield code="b">D3</subfield></datafield><datafield ind1="0" ind2=" " tag="130"><subfield code="a">Suburbanite (Monona, Wis.)</subfield></datafield><datafield ind1="1" ind2="0" tag="245"><subfield code="a">Suburbanite.</subfield></datafield><datafield ind1=" " ind2=" " tag="260"><subfield code="a">[Madison, Wis. :</subfield><subfield code="b">s.n.],</subfield><subfield code="c">1953-1955.</subfield></datafield><datafield ind1=" " ind2=" " tag="300"><subfield code="a">3 v.</subfield></datafield><datafield ind1=" " ind2=" " tag="310"><subfield code="a">Weekly</subfield></datafield><datafield ind1="0" ind2=" " tag="362"><subfield code="a">Vol. 1, no. 1 (Sept. 24, 1953)-v. 3, no. 11 (Dec. 8, 1955).</subfield></datafield><datafield ind1=" " ind2=" " tag="500"><subfield code="a">For distribution in Monona.</subfield></datafield><datafield ind1=" " ind2=" " tag="500"><subfield code="a">Editor: C.P. Talbot, Sept. 24, 1953.--H. Tipple, Oct. 1, 1953-Apr. 15, 1954.--H. O'Neil, Apr. 22, 1954-July 21, 1955.--U. Brandt, July 28-Aug. 4, 1955.</subfield></datafield><datafield ind1=" " ind2=" " tag="530"><subfield code="a">Available on microfilm from The State Historical Society of Wisconsin.</subfield></datafield><datafield ind1=" " ind2=" " tag="752"><subfield code="a">United States</subfield><subfield code="b">Wisconsin</subfield><subfield code="c">Dane</subfield><subfield code="d">Madison.</subfield></datafield><datafield ind1="0" ind2="0" tag="785"><subfield code="t">Monona Grove suburbanite</subfield><subfield code="w">(DLC)sn 85041078</subfield></datafield><datafield ind1="1" ind2=" " tag="029"><subfield code="a">AU@</subfield><subfield code="b">000025809654</subfield></datafield></record>